@Misc{ca1980-McGeeJV-49Rev,
  author = {McGee, J. Vernon},
  title  = {Revelation -- {N}otes {\&} {O}utline},
  year   = {ca1980},
  url    = {https://ttb.org/docs/default-source/notes-outlines/no49_revelation.pdf},
}

@Comment{jabref-meta: databaseType:bibtex;}
